Month,TotalRevenue
2022-11,11211
2022-12,26988
2023-01,20364
2023-02,17371
2023-03,21717
2023-04,21783
2023-05,25470
2023-06,20934
2023-07,27406
2023-08,24805
2023-09,23331
2023-10,27643
2023-11,20785
2023-12,21525
2024-01,26647
2024-02,14664
2024-03,21321
2024-04,24108
2024-05,30968
2024-06,20219
2024-07,30688
2024-08,25381
2024-09,22423
2024-10,22526
2024-11,13721
